<?xml version="1.0" encoding="UTF-8"?><record xmlns="http://www.loc.gov/MARC21/slim" xmlns:cinclude="http://apache.org/cocoon/include/1.0" xmlns:zs="http://www.loc.gov/zing/srw/">
  <leader>00307cz  a2200121n  4500</leader>
  <controlfield tag="001">n  88258346 </controlfield>
  <controlfield tag="003">DLC</controlfield>
  <controlfield tag="005">19890323101442.1</controlfield>
  <controlfield tag="008">890209n| acannaab|          |n ana |||  </controlfield>
  <datafield tag="010" ind1=" " ind2=" ">
    <subfield code="a">n  88258346 </subfield>
  </datafield>
  <datafield tag="040" ind1=" " ind2=" ">
    <subfield code="a">DLC</subfield>
    <subfield code="c">DLC</subfield>
    <subfield code="d">DLC</subfield>
  </datafield>
  <datafield tag="110" ind1="2" ind2="0">
    <subfield code="a">Studio Claerhout</subfield>
  </datafield>
  <datafield tag="670" ind1=" " ind2=" ">
    <subfield code="a">Decavele, J. Gent, 1985:</subfield>
    <subfield code="b">t.p. (Studio Claerhout)</subfield>
  </datafield>
</record>